% Encoding: UTF-8

@article{XENON:2022mpc,
    author = "Aprile, E. and others",
    collaboration = "XENON",
    title = "{Search for New Physics in Electronic Recoil Data from XENONnT}",
    eprint = "2207.11330",
    archivePrefix = "arXiv",
    primaryClass = "hep-ex",
    month = "7",
    year = "2022"
}

@article{Khan:2022bel,
    author = "Khan, Amir N.",
    title = "{New limits on neutrino electromagnetic interactions and light new physics with XENONnT}",
    eprint = "2208.02144",
    archivePrefix = "arXiv",
    primaryClass = "hep-ph",
    month = "8",
    year = "2022"
}

@Comment{jabref-meta: databaseType:bibtex;}
