% Encoding: UTF-8

@Article{XENONnTFirstResults2022_OfficialPaper.pdf,
  author        = {Aprile, E. and others},
  journal       = {Phys. Rev. Lett.},
  title         = {{Search for New Physics in Electronic Recoil Data from XENONnT}},
  year          = {2022},
  month         = {Oct},
  pages         = {161805},
  volume        = {129},
  archiveprefix = {arXiv},
  collaboration = {{XENON Collaboration}},
  doi           = {10.1103/PhysRevLett.129.161805},
  eprint        = {2207.11330},
  issue         = {16},
  numpages      = {10},
  primaryclass  = {hep-ex},
  publisher     = {American Physical Society},
  url           = {https://link.aps.org/doi/10.1103/PhysRevLett.129.161805},
}

@Article{KhanXENONnTImplications2022.pdf,
  author        = {Khan, Amir N.},
  journal       = {Phys. Lett. B},
  title         = {{{Light new physics and neutrino electromagnetic interactions in XENONnT}}},
  year          = {2023},
  pages         = {137650},
  volume        = {837},
  archiveprefix = {arXiv},
  doi           = {10.1016/j.physletb.2022.137650},
  eprint        = {2208.02144},
  primaryclass  = {hep-ph},
}

@Article{nuElmagInt2015.pdf,
  author    = {Giunti, Carlo and Studenikin, Alexander},
  journal   = {Rev. Mod. Phys.},
  title     = {Neutrino electromagnetic interactions: A window to new physics},
  year      = {2015},
  month     = {Jun},
  pages     = {531--591},
  volume    = {87},
  doi       = {10.1103/RevModPhys.87.531},
  issue     = {2},
  numpages  = {61},
  publisher = {American Physical Society},
  url       = {https://link.aps.org/doi/10.1103/RevModPhys.87.531},
}

@Article{nuMMMajoranaBounds2006.pdf,
  author        = {Bell, Nicole F. and Gorchtein, Mikhail and Ramsey-Musolf, Michael J. and Vogel, Petr and Wang, Peng},
  journal       = {Phys. Lett. B},
  title         = {{Model independent bounds on magnetic moments of Majorana neutrinos}},
  year          = {2006},
  pages         = {377--383},
  volume        = {642},
  archiveprefix = {arXiv},
  doi           = {10.1016/j.physletb.2006.09.055},
  eprint        = {hep-ph/0606248},
  reportnumber  = {CALT-68-2603, KRL-MAP-321},
}

@Article{NuOnECrossSections1989.pdf,
  author       = {Barut, A. O. and Aydin, Z. Z.},
  journal      = {Nuovo Cim. A},
  title        = {{Angular distribution in electron-neutrino scattering and the anomalous magnetic moment of the neutrino.}},
  year         = {1989},
  pages        = {677-682},
  volume       = {101},
  doi          = {10.1007/BF02848090},
  reportnumber = {IC/88/237},
}

@Electronic{NOVA-doc-56383,
  author       = {Wenjie Wu and Yiwen Xiao},
  howpublished = {NOVA Document 56383},
  month        = oct,
  note         = {NOvA technical note},
  title        = {{Neutrino-Electron Elastic Scattering in the NOvA Near Detector - Technote}},
  url          = {https://nova-docdb.fnal.gov/cgi-bin/sso/ShowDocument?docid=56383},
  year         = {2023},
}

@Article{NeutrinoElmagFormFactors1989.pdf,
  author    = {Vogel, P. and Engel, J.},
  journal   = {Phys. Rev. D},
  title     = {Neutrino electromagnetic form factors},
  year      = {1989},
  month     = {Jun},
  pages     = {3378--3383},
  volume    = {39},
  doi       = {10.1103/PhysRevD.39.3378},
  issue     = {11},
  numpages  = {0},
  publisher = {American Physical Society},
  url       = {https://link.aps.org/doi/10.1103/PhysRevD.39.3378},
}

@Comment{jabref-meta: databaseType:bibtex;}
