% Encoding: UTF-8

@Article{nuElmagInt2015.pdf,
  author    = {Giunti, Carlo and Studenikin, Alexander},
  journal   = {Rev. Mod. Phys.},
  title     = {Neutrino electromagnetic interactions: A window to new physics},
  year      = {2015},
  month     = {Jun},
  pages     = {531--591},
  volume    = {87},
  doi       = {10.1103/RevModPhys.87.531},
  issue     = {2},
  numpages  = {61},
  publisher = {American Physical Society},
  url       = {https://link.aps.org/doi/10.1103/RevModPhys.87.531},
}

@Article{nuMMMajoranaBounds2006.pdf,
  author        = {Bell, Nicole F. and Gorchtein, Mikhail and Ramsey-Musolf, Michael J. and Vogel, Petr and Wang, Peng},
  journal       = {Phys. Lett. B},
  title         = {{Model independent bounds on magnetic moments of Majorana neutrinos}},
  year          = {2006},
  pages         = {377--383},
  volume        = {642},
  archiveprefix = {arXiv},
  doi           = {10.1016/j.physletb.2006.09.055},
  eprint        = {hep-ph/0606248},
  reportnumber  = {CALT-68-2603, KRL-MAP-321},
}

@Article{NuOnECrossSections.pdf,
  author       = {Barut, A. O. and Aydin, Z. Z.},
  journal      = {Nuovo Cim. A},
  title        = {{Angular distribution in electron-neutrino scattering and the anomalous magnetic moment of the neutrino.}},
  year         = {1989},
  pages        = {677-682},
  volume       = {101},
  doi          = {10.1007/BF02848090},
  reportnumber = {IC/88/237},
}

@article{PhysRevD.39.3378,
  title = {Neutrino electromagnetic form factors},
  author = {Vogel, P. and Engel, J.},
  journal = {Phys. Rev. D},
  volume = {39},
  issue = {11},
  pages = {3378--3383},
  numpages = {0},
  year = {1989},
  month = {Jun},
  publisher = {American Physical Society},
  doi = {10.1103/PhysRevD.39.3378},
  url = {https://link.aps.org/doi/10.1103/PhysRevD.39.3378}
}


@Comment{jabref-meta: databaseType:bibtex;}
